<?xml version="1.0" encoding="UTF-8"?>
<Document xmlns="urn:iso:std:iso:20022:tech:xsd:camt.054.001.04" xmlns:xsi="http://www.w3.org/2001/XMLSchema-instance" xsi:schemaLocation="urn:iso:std:iso:20022:tech:xsd:camt.054.001.04 camt.054.001.04.xsd"><BkToCstmrDbtCdtNtfctn><GrpHdr><MsgId>20180314375204007557997</MsgId><CreDtTm>2018-03-14T11:01:03</CreDtTm><MsgPgntn><PgNb>1</PgNb><LastPgInd>true</LastPgInd></MsgPgntn><AddtlInf>Test</AddtlInf></GrpHdr><Ntfctn><Id>20180314375204007557998</Id><CreDtTm>2018-03-14T11:01:03</CreDtTm><FrToDt><FrDtTm>2018-03-14T00:00:00</FrDtTm><ToDtTm>2018-03-14T23:59:59</ToDtTm></FrToDt><Acct><Id><IBAN>CH0209000000857876452</IBAN></Id><Ownr><Nm>hitobito AG Bern</Nm></Ownr></Acct><Ntry><NtryRef>011078492</NtryRef><Amt Ccy="CHF">25589.52</Amt><CdtDbtInd>FOOBAR</CdtDbtInd><RvslInd>false</RvslInd><Sts>BOOK</Sts><BookgDt><Dt>2018-03-14</Dt></BookgDt><ValDt><Dt>2018-03-15</Dt></ValDt><AcctSvcrRef>20180314375204007557994000000276</AcctSvcrRef><BkTxCd><Domn><Cd>PMNT</Cd><Fmly><Cd>RCDT</Cd><SubFmlyCd>VCOM</SubFmlyCd></Fmly></Domn></BkTxCd><Chrgs><TtlChrgsAndTaxAmt Ccy="CHF">20.55</TtlChrgsAndTaxAmt><Rcrd><Amt Ccy="CHF">4.80</Amt><CdtDbtInd>CRDT</CdtDbtInd><ChrgInclInd>false</ChrgInclInd><Tp><Prtry><Id>1</Id></Prtry></Tp></Rcrd><Rcrd><Amt Ccy="CHF">15.75</Amt><CdtDbtInd>CRDT</CdtDbtInd><ChrgInclInd>false</ChrgInclInd><Tp><Prtry><Id>2</Id></Prtry></Tp></Rcrd></Chrgs><NtryDtls><Btch><NbOfTxs>36</NbOfTxs></Btch><TxDtls><Refs><AcctSvcrRef>20180314001221000006901084508202</AcctSvcrRef><Prtry><Tp>01</Tp><Ref>20180314001221000006901</Ref></Prtry></Refs><Amt Ccy="CHF">710.82</Amt><CdtDbtInd>FOOBAR</CdtDbtInd><BkTxCd><Domn><Cd>PMNT</Cd><Fmly><Cd>CNTR</Cd><SubFmlyCd>CDPT</SubFmlyCd></Fmly></Domn></BkTxCd><Chrgs><TtlChrgsAndTaxAmt Ccy="CHF">1.75</TtlChrgsAndTaxAmt><Rcrd><Amt Ccy="CHF">1.75</Amt><CdtDbtInd>CRDT</CdtDbtInd><ChrgInclInd>false</ChrgInclInd><Tp><Prtry><Id>2</Id></Prtry></Tp></Rcrd></Chrgs><RltdPties><Dbtr><Nm>Maria Bernasconi</Nm><PstlAdr><AdrLine>Place de la Gare 15</AdrLine><AdrLine>2502 Biel/Bienne</AdrLine></PstlAdr></Dbtr></RltdPties><RmtInf><Strd><CdtrRefInf><Tp><CdOrPrtry><Prtry>ISR Reference</Prtry></CdOrPrtry></Tp><Ref>000000000000100000000000936</Ref></CdtrRefInf><AddtlRmtInf>?REJECT?0</AddtlRmtInf></Strd></RmtInf><RltdDts><AccptncDtTm>2018-03-13T20:00:00</AccptncDtTm></RltdDts></TxDtls><TxDtls><Refs><AcctSvcrRef>20180314001221000006902084508203</AcctSvcrRef><Prtry><Tp>01</Tp><Ref>20180314001221000006902</Ref></Prtry></Refs><Amt Ccy="CHF">710.82</Amt><CdtDbtInd>FOOBAR</CdtDbtInd><BkTxCd><Domn><Cd>PMNT</Cd><Fmly><Cd>RCDT</Cd><SubFmlyCd>DMCT</SubFmlyCd></Fmly></Domn></BkTxCd><RltdPties><Dbtr><Nm>Maria Bernasconi</Nm><PstlAdr><AdrLine>Place de la Gare 15</AdrLine><AdrLine>2502 Biel/Bienne</AdrLine></PstlAdr></Dbtr></RltdPties><RmtInf><Strd><CdtrRefInf><Tp><CdOrPrtry><Prtry>ISR Reference</Prtry></CdOrPrtry></Tp><Ref>000000000000100000000000944</Ref></CdtrRefInf><AddtlRmtInf>?REJECT?0</AddtlRmtInf></Strd></RmtInf><RltdDts><AccptncDtTm>2018-03-14T20:00:00</AccptncDtTm></RltdDts></TxDtls><TxDtls><Refs><AcctSvcrRef>20180314001221000006903084508204</AcctSvcrRef><Prtry><Tp>01</Tp><Ref>20180314001221000006903</Ref></Prtry></Refs><Amt Ccy="CHF">710.82</Amt><CdtDbtInd>FOOBAR</CdtDbtInd><BkTxCd><Domn><Cd>PMNT</Cd><Fmly><Cd>RCDT</Cd><SubFmlyCd>STDO</SubFmlyCd></Fmly></Domn></BkTxCd><RltdPties><Dbtr><Nm>Maria Bernasconi</Nm><PstlAdr><StrtNm>Place de la Gare</StrtNm><BldgNb>15</BldgNb><PstCd>2502</PstCd><TwnNm>Biel/Bienne</TwnNm></PstlAdr></Dbtr><DbtrAcct><Id><IBAN>CH6309000000250097798</IBAN></Id></DbtrAcct></RltdPties><RmtInf><Strd><CdtrRefInf><Tp><CdOrPrtry><Prtry>ISR Reference</Prtry></CdOrPrtry></Tp><Ref>000000000000100000000000952</Ref></CdtrRefInf><AddtlRmtInf>?REJECT?0</AddtlRmtInf></Strd></RmtInf><RltdDts><AccptncDtTm>2018-03-14T20:00:00</AccptncDtTm></RltdDts></TxDtls><TxDtls><Refs><AcctSvcrRef>20180314001221000006904084508205</AcctSvcrRef><Prtry><Tp>01</Tp><Ref>20180314001221000006904</Ref></Prtry></Refs><Amt Ccy="CHF">710.82</Amt><CdtDbtInd>FOOBAR</CdtDbtInd><BkTxCd><Domn><Cd>PMNT</Cd><Fmly><Cd>RCDT</Cd><SubFmlyCd>AUTT</SubFmlyCd></Fmly></Domn></BkTxCd><RltdPties><Dbtr><Nm>Maria Bernasconi</Nm><PstlAdr><StrtNm>Place de la Gare</StrtNm><BldgNb>15</BldgNb><PstCd>2502</PstCd><TwnNm>Biel/Bienne</TwnNm></PstlAdr></Dbtr><DbtrAcct><Id><IBAN>CH6309000000250097798</IBAN></Id></DbtrAcct></RltdPties><RmtInf><Strd><CdtrRefInf><Tp><CdOrPrtry><Prtry>ISR Reference</Prtry></CdOrPrtry></Tp><Ref>000000000000100000000000895</Ref></CdtrRefInf><AddtlRmtInf>?REJECT?0</AddtlRmtInf></Strd></RmtInf><RltdDts><AccptncDtTm>2018-03-14T20:00:00</AccptncDtTm></RltdDts></TxDtls><TxDtls><Refs><AcctSvcrRef>20180314001221000006907084508208</AcctSvcrRef><Prtry><Tp>01</Tp><Ref>20180314001221000006907</Ref></Prtry></Refs><Amt Ccy="CHF">710.82</Amt><CdtDbtInd>FOOBAR</CdtDbtInd><BkTxCd><Domn><Cd>PMNT</Cd><Fmly><Cd>CNTR</Cd><SubFmlyCd>CDPT</SubFmlyCd></Fmly></Domn></BkTxCd><Chrgs><TtlChrgsAndTaxAmt Ccy="CHF">2.95</TtlChrgsAndTaxAmt><Rcrd><Amt Ccy="CHF">1.20</Amt><CdtDbtInd>CRDT</CdtDbtInd><ChrgInclInd>false</ChrgInclInd><Tp><Prtry><Id>1</Id></Prtry></Tp></Rcrd><Rcrd><Amt Ccy="CHF">1.75</Amt><CdtDbtInd>CRDT</CdtDbtInd><ChrgInclInd>false</ChrgInclInd><Tp><Prtry><Id>2</Id></Prtry></Tp></Rcrd></Chrgs><RltdPties><Dbtr><Nm>Maria Bernasconi</Nm><PstlAdr><AdrLine>Place de la Gare 15</AdrLine><AdrLine>2502 Biel/Bienne</AdrLine></PstlAdr></Dbtr></RltdPties><RmtInf><Strd><CdtrRefInf><Tp><CdOrPrtry><Prtry>ISR Reference</Prtry></CdOrPrtry></Tp><Ref>000000000000100000000000921</Ref></CdtrRefInf><AddtlRmtInf>?REJECT?1</AddtlRmtInf></Strd></RmtInf><RltdDts><AccptncDtTm>2018-03-13T20:00:00</AccptncDtTm></RltdDts></TxDtls><TxDtls><Refs><AcctSvcrRef>20180314001221000006908084508209</AcctSvcrRef><Prtry><Tp>01</Tp><Ref>20180314001221000006908</Ref></Prtry></Refs><Amt Ccy="CHF">710.82</Amt><CdtDbtInd>FOOBAR</CdtDbtInd><BkTxCd><Domn><Cd>PMNT</Cd><Fmly><Cd>RCDT</Cd><SubFmlyCd>DMCT</SubFmlyCd></Fmly></Domn></BkTxCd><RltdPties><Dbtr><Nm>Maria Bernasconi</Nm><PstlAdr><AdrLine>Place de la Gare 15</AdrLine><AdrLine>2502 Biel/Bienne</AdrLine></PstlAdr></Dbtr></RltdPties><RmtInf><Strd><CdtrRefInf><Tp><CdOrPrtry><Prtry>ISR Reference</Prtry></CdOrPrtry></Tp><Ref>000000000000100000000000834</Ref></CdtrRefInf><AddtlRmtInf>?REJECT?5</AddtlRmtInf></Strd></RmtInf><RltdDts><AccptncDtTm>2018-03-14T20:00:00</AccptncDtTm></RltdDts></TxDtls><TxDtls><Refs><AcctSvcrRef>20180314001221000006909084508210</AcctSvcrRef><Prtry><Tp>01</Tp><Ref>20180314001221000006909</Ref></Prtry></Refs><Amt Ccy="CHF">710.82</Amt><CdtDbtInd>FOOBAR</CdtDbtInd><BkTxCd><Domn><Cd>PMNT</Cd><Fmly><Cd>CNTR</Cd><SubFmlyCd>CDPT</SubFmlyCd></Fmly></Domn></BkTxCd><Chrgs><TtlChrgsAndTaxAmt Ccy="CHF">1.75</TtlChrgsAndTaxAmt><Rcrd><Amt Ccy="CHF">1.75</Amt><CdtDbtInd>CRDT</CdtDbtInd><ChrgInclInd>false</ChrgInclInd><Tp><Prtry><Id>2</Id></Prtry></Tp></Rcrd></Chrgs><RltdPties><Dbtr><Nm>Maria Bernasconi</Nm><PstlAdr><AdrLine>Place de la Gare 15</AdrLine><AdrLine>2502 Biel/Bienne</AdrLine></PstlAdr></Dbtr></RltdPties><RmtInf><Strd><CdtrRefInf><Tp><CdOrPrtry><Prtry>ISR Reference</Prtry></CdOrPrtry></Tp><Ref>000000000000100000000000842</Ref></CdtrRefInf><AddtlRmtInf>?REJECT?0</AddtlRmtInf></Strd></RmtInf><RltdDts><AccptncDtTm>2018-03-13T20:00:00</AccptncDtTm></RltdDts></TxDtls><TxDtls><Refs><AcctSvcrRef>20180314001221000006910084508211</AcctSvcrRef><Prtry><Tp>01</Tp><Ref>20180314001221000006910</Ref></Prtry></Refs><Amt Ccy="CHF">710.82</Amt><CdtDbtInd>FOOBAR</CdtDbtInd><BkTxCd><Domn><Cd>PMNT</Cd><Fmly><Cd>RCDT</Cd><SubFmlyCd>DMCT</SubFmlyCd></Fmly></Domn></BkTxCd><RltdPties><Dbtr><Nm>Maria Bernasconi</Nm><PstlAdr><AdrLine>Place de la Gare 15</AdrLine><AdrLine>2502 Biel/Bienne</AdrLine></PstlAdr></Dbtr></RltdPties><RmtInf><Strd><CdtrRefInf><Tp><CdOrPrtry><Prtry>ISR Reference</Prtry></CdOrPrtry></Tp><Ref>000000000000100000000000858</Ref></CdtrRefInf><AddtlRmtInf>?REJECT?0</AddtlRmtInf></Strd></RmtInf><RltdDts><AccptncDtTm>2018-03-14T20:00:00</AccptncDtTm></RltdDts></TxDtls><TxDtls><Refs><AcctSvcrRef>20180314001221000006911084508212</AcctSvcrRef><Prtry><Tp>01</Tp><Ref>20180314001221000006911</Ref></Prtry></Refs><Amt Ccy="CHF">710.82</Amt><CdtDbtInd>FOOBAR</CdtDbtInd><BkTxCd><Domn><Cd>PMNT</Cd><Fmly><Cd>RCDT</Cd><SubFmlyCd>STDO</SubFmlyCd></Fmly></Domn></BkTxCd><RltdPties><Dbtr><Nm>Maria Bernasconi</Nm><PstlAdr><StrtNm>Place de la Gare</StrtNm><BldgNb>15</BldgNb><PstCd>2502</PstCd><TwnNm>Biel/Bienne</TwnNm></PstlAdr></Dbtr><DbtrAcct><Id><IBAN>CH6309000000250097798</IBAN></Id></DbtrAcct></RltdPties><RmtInf><Strd><CdtrRefInf><Tp><CdOrPrtry><Prtry>ISR Reference</Prtry></CdOrPrtry></Tp><Ref>000000000000100000000000863</Ref></CdtrRefInf><AddtlRmtInf>?REJECT?0</AddtlRmtInf></Strd></RmtInf><RltdDts><AccptncDtTm>2018-03-14T20:00:00</AccptncDtTm></RltdDts></TxDtls><TxDtls><Refs><AcctSvcrRef>20180314001221000006912084508213</AcctSvcrRef><Prtry><Tp>01</Tp><Ref>20180314001221000006912</Ref></Prtry></Refs><Amt Ccy="CHF">710.82</Amt><CdtDbtInd>FOOBAR</CdtDbtInd><BkTxCd><Domn><Cd>PMNT</Cd><Fmly><Cd>RCDT</Cd><SubFmlyCd>AUTT</SubFmlyCd></Fmly></Domn></BkTxCd><RltdPties><Dbtr><Nm>Maria Bernasconi</Nm><PstlAdr><StrtNm>Place de la Gare</StrtNm><BldgNb>15</BldgNb><PstCd>2502</PstCd><TwnNm>Biel/Bienne</TwnNm></PstlAdr></Dbtr><DbtrAcct><Id><IBAN>CH6309000000250097798</IBAN></Id></DbtrAcct></RltdPties><RmtInf><Strd><CdtrRefInf><Tp><CdOrPrtry><Prtry>ISR Reference</Prtry></CdOrPrtry></Tp><Ref>000000000000100000000000879</Ref></CdtrRefInf><AddtlRmtInf>?REJECT?0</AddtlRmtInf></Strd></RmtInf><RltdDts><AccptncDtTm>2018-03-14T20:00:00</AccptncDtTm></RltdDts></TxDtls><TxDtls><Refs><AcctSvcrRef>20180314001221000006913084508214</AcctSvcrRef><Prtry><Tp>01</Tp><Ref>20180314001221000006913</Ref></Prtry></Refs><Amt Ccy="CHF">710.82</Amt><CdtDbtInd>FOOBAR</CdtDbtInd><BkTxCd><Domn><Cd>PMNT</Cd><Fmly><Cd>RCDT</Cd><SubFmlyCd>ATXN</SubFmlyCd></Fmly></Domn></BkTxCd><RltdPties><Dbtr><Nm>Maria Bernasconi</Nm><PstlAdr><StrtNm>Place de la Gare</StrtNm><BldgNb>15</BldgNb><PstCd>2502</PstCd><TwnNm>Biel/Bienne</TwnNm></PstlAdr></Dbtr><DbtrAcct><Id><IBAN>CH6309000000250097798</IBAN></Id></DbtrAcct></RltdPties><RltdAgts><DbtrAgt><FinInstnId><BICFI>CRESCHZZ80A</BICFI></FinInstnId></DbtrAgt></RltdAgts><RmtInf><Strd><CdtrRefInf><Tp><CdOrPrtry><Prtry>ISR Reference</Prtry></CdOrPrtry></Tp><Ref>000000000000100000000001229</Ref></CdtrRefInf><AddtlRmtInf>?REJECT?0</AddtlRmtInf></Strd></RmtInf><RltdDts><AccptncDtTm>2018-03-14T20:00:00</AccptncDtTm></RltdDts></TxDtls><TxDtls><Refs><AcctSvcrRef>20180314001221000006914084508215</AcctSvcrRef><Prtry><Tp>01</Tp><Ref>20180314001221000006914</Ref></Prtry></Refs><Amt Ccy="CHF">710.82</Amt><CdtDbtInd>FOOBAR</CdtDbtInd><BkTxCd><Domn><Cd>PMNT</Cd><Fmly><Cd>RCDT</Cd><SubFmlyCd>AUTT</SubFmlyCd></Fmly></Domn></BkTxCd><RltdPties><Dbtr><Nm>Maria Bernasconi</Nm><PstlAdr><StrtNm>Place de la Gare</StrtNm><BldgNb>15</BldgNb><PstCd>2502</PstCd><TwnNm>Biel/Bienne</TwnNm></PstlAdr></Dbtr><DbtrAcct><Id><IBAN>CH6309000000250097798</IBAN></Id></DbtrAcct></RltdPties><RmtInf><Strd><CdtrRefInf><Tp><CdOrPrtry><Prtry>ISR Reference</Prtry></CdOrPrtry></Tp><Ref>000000000000100000000001237</Ref></CdtrRefInf><AddtlRmtInf>?REJECT?0</AddtlRmtInf></Strd></RmtInf><RltdDts><AccptncDtTm>2018-03-14T20:00:00</AccptncDtTm></RltdDts></TxDtls><TxDtls><Refs><AcctSvcrRef>20180314001221000006917084508218</AcctSvcrRef><Prtry><Tp>01</Tp><Ref>20180314001221000006917</Ref></Prtry></Refs><Amt Ccy="CHF">710.82</Amt><CdtDbtInd>FOOBAR</CdtDbtInd><BkTxCd><Domn><Cd>PMNT</Cd><Fmly><Cd>CNTR</Cd><SubFmlyCd>CDPT</SubFmlyCd></Fmly></Domn></BkTxCd><Chrgs><TtlChrgsAndTaxAmt Ccy="CHF">2.95</TtlChrgsAndTaxAmt><Rcrd><Amt Ccy="CHF">1.20</Amt><CdtDbtInd>CRDT</CdtDbtInd><ChrgInclInd>false</ChrgInclInd><Tp><Prtry><Id>1</Id></Prtry></Tp></Rcrd><Rcrd><Amt Ccy="CHF">1.75</Amt><CdtDbtInd>CRDT</CdtDbtInd><ChrgInclInd>false</ChrgInclInd><Tp><Prtry><Id>2</Id></Prtry></Tp></Rcrd></Chrgs><RltdPties><Dbtr><Nm>Maria Bernasconi</Nm><PstlAdr><AdrLine>Place de la Gare 15</AdrLine><AdrLine>2502 Biel/Bienne</AdrLine></PstlAdr></Dbtr></RltdPties><RmtInf><Strd><CdtrRefInf><Tp><CdOrPrtry><Prtry>ISR Reference</Prtry></CdOrPrtry></Tp><Ref>000000000000100000000000792</Ref></CdtrRefInf><AddtlRmtInf>?REJECT?1</AddtlRmtInf></Strd></RmtInf><RltdDts><AccptncDtTm>2018-03-13T20:00:00</AccptncDtTm></RltdDts></TxDtls><TxDtls><Refs><AcctSvcrRef>20180314001221000006918084508219</AcctSvcrRef><Prtry><Tp>01</Tp><Ref>20180314001221000006918</Ref></Prtry></Refs><Amt Ccy="CHF">710.82</Amt><CdtDbtInd>FOOBAR</CdtDbtInd><BkTxCd><Domn><Cd>PMNT</Cd><Fmly><Cd>RCDT</Cd><SubFmlyCd>DMCT</SubFmlyCd></Fmly></Domn></BkTxCd><RltdPties><Dbtr><Nm>Maria Bernasconi</Nm><PstlAdr><AdrLine>Place de la Gare 15</AdrLine><AdrLine>2502 Biel/Bienne</AdrLine></PstlAdr></Dbtr></RltdPties><RmtInf><Strd><CdtrRefInf><Tp><CdOrPrtry><Prtry>ISR Reference</Prtry></CdOrPrtry></Tp><Ref>000000000000100000000001170</Ref></CdtrRefInf><AddtlRmtInf>?REJECT?5</AddtlRmtInf></Strd></RmtInf><RltdDts><AccptncDtTm>2018-03-14T20:00:00</AccptncDtTm></RltdDts></TxDtls><TxDtls><Refs><AcctSvcrRef>20180314001221000006919084508220</AcctSvcrRef><Prtry><Tp>01</Tp><Ref>20180314001221000006919</Ref></Prtry></Refs><Amt Ccy="CHF">710.82</Amt><CdtDbtInd>FOOBAR</CdtDbtInd><BkTxCd><Domn><Cd>PMNT</Cd><Fmly><Cd>CNTR</Cd><SubFmlyCd>CDPT</SubFmlyCd></Fmly></Domn></BkTxCd><Chrgs><TtlChrgsAndTaxAmt Ccy="CHF">1.75</TtlChrgsAndTaxAmt><Rcrd><Amt Ccy="CHF">1.75</Amt><CdtDbtInd>CRDT</CdtDbtInd><ChrgInclInd>false</ChrgInclInd><Tp><Prtry><Id>2</Id></Prtry></Tp></Rcrd></Chrgs><RltdPties><Dbtr><Nm>Maria Bernasconi</Nm><PstlAdr><AdrLine>Place de la Gare 15</AdrLine><AdrLine>2502 Biel/Bienne</AdrLine></PstlAdr></Dbtr></RltdPties><RmtInf><Strd><CdtrRefInf><Tp><CdOrPrtry><Prtry>ISR Reference</Prtry></CdOrPrtry></Tp><Ref>000000000000100000000001181</Ref></CdtrRefInf><AddtlRmtInf>?REJECT?0</AddtlRmtInf></Strd></RmtInf><RltdDts><AccptncDtTm>2018-03-13T20:00:00</AccptncDtTm></RltdDts></TxDtls><TxDtls><Refs><AcctSvcrRef>20180314001221000006920084508221</AcctSvcrRef><Prtry><Tp>01</Tp><Ref>20180314001221000006920</Ref></Prtry></Refs><Amt Ccy="CHF">710.82</Amt><CdtDbtInd>FOOBAR</CdtDbtInd><BkTxCd><Domn><Cd>PMNT</Cd><Fmly><Cd>RCDT</Cd><SubFmlyCd>DMCT</SubFmlyCd></Fmly></Domn></BkTxCd><RltdPties><Dbtr><Nm>Maria Bernasconi</Nm><PstlAdr><AdrLine>Place de la Gare 15</AdrLine><AdrLine>2502 Biel/Bienne</AdrLine></PstlAdr></Dbtr></RltdPties><RmtInf><Strd><CdtrRefInf><Tp><CdOrPrtry><Prtry>ISR Reference</Prtry></CdOrPrtry></Tp><Ref>000000000000100000000001196</Ref></CdtrRefInf><AddtlRmtInf>?REJECT?0</AddtlRmtInf></Strd></RmtInf><RltdDts><AccptncDtTm>2018-03-14T20:00:00</AccptncDtTm></RltdDts></TxDtls><TxDtls><Refs><AcctSvcrRef>20180314001221000006921084508222</AcctSvcrRef><Prtry><Tp>01</Tp><Ref>20180314001221000006921</Ref></Prtry></Refs><Amt Ccy="CHF">710.82</Amt><CdtDbtInd>FOOBAR</CdtDbtInd><BkTxCd><Domn><Cd>PMNT</Cd><Fmly><Cd>RCDT</Cd><SubFmlyCd>STDO</SubFmlyCd></Fmly></Domn></BkTxCd><RltdPties><Dbtr><Nm>Maria Bernasconi</Nm><PstlAdr><StrtNm>Place de la Gare</StrtNm><BldgNb>15</BldgNb><PstCd>2502</PstCd><TwnNm>Biel/Bienne</TwnNm></PstlAdr></Dbtr><DbtrAcct><Id><IBAN>CH6309000000250097798</IBAN></Id></DbtrAcct></RltdPties><RmtInf><Strd><CdtrRefInf><Tp><CdOrPrtry><Prtry>ISR Reference</Prtry></CdOrPrtry></Tp><Ref>000000000000100000000001208</Ref></CdtrRefInf><AddtlRmtInf>?REJECT?0</AddtlRmtInf></Strd></RmtInf><RltdDts><AccptncDtTm>2018-03-14T20:00:00</AccptncDtTm></RltdDts></TxDtls><TxDtls><Refs><AcctSvcrRef>20180314001221000006922084508223</AcctSvcrRef><Prtry><Tp>01</Tp><Ref>20180314001221000006922</Ref></Prtry></Refs><Amt Ccy="CHF">710.82</Amt><CdtDbtInd>FOOBAR</CdtDbtInd><BkTxCd><Domn><Cd>PMNT</Cd><Fmly><Cd>RCDT</Cd><SubFmlyCd>AUTT</SubFmlyCd></Fmly></Domn></BkTxCd><RltdPties><Dbtr><Nm>Maria Bernasconi</Nm><PstlAdr><StrtNm>Place de la Gare</StrtNm><BldgNb>15</BldgNb><PstCd>2502</PstCd><TwnNm>Biel/Bienne</TwnNm></PstlAdr></Dbtr><DbtrAcct><Id><IBAN>CH6309000000250097798</IBAN></Id></DbtrAcct></RltdPties><RmtInf><Strd><CdtrRefInf><Tp><CdOrPrtry><Prtry>ISR Reference</Prtry></CdOrPrtry></Tp><Ref>000000000000100000000001213</Ref></CdtrRefInf><AddtlRmtInf>?REJECT?0</AddtlRmtInf></Strd></RmtInf><RltdDts><AccptncDtTm>2018-03-14T20:00:00</AccptncDtTm></RltdDts></TxDtls><TxDtls><Refs><AcctSvcrRef>20180314001221000006923084508224</AcctSvcrRef><Prtry><Tp>01</Tp><Ref>20180314001221000006923</Ref></Prtry></Refs><Amt Ccy="CHF">710.82</Amt><CdtDbtInd>FOOBAR</CdtDbtInd><BkTxCd><Domn><Cd>PMNT</Cd><Fmly><Cd>RCDT</Cd><SubFmlyCd>ATXN</SubFmlyCd></Fmly></Domn></BkTxCd><RltdPties><Dbtr><Nm>Maria Bernasconi</Nm><PstlAdr><StrtNm>Place de la Gare</StrtNm><BldgNb>15</BldgNb><PstCd>2502</PstCd><TwnNm>Biel/Bienne</TwnNm></PstlAdr></Dbtr><DbtrAcct><Id><IBAN>CH6309000000250097798</IBAN></Id></DbtrAcct></RltdPties><RltdAgts><DbtrAgt><FinInstnId><BICFI>CRESCHZZ80A</BICFI></FinInstnId></DbtrAgt></RltdAgts><RmtInf><Strd><CdtrRefInf><Tp><CdOrPrtry><Prtry>ISR Reference</Prtry></CdOrPrtry></Tp><Ref>000000000000100000000001149</Ref></CdtrRefInf><AddtlRmtInf>?REJECT?0</AddtlRmtInf></Strd></RmtInf><RltdDts><AccptncDtTm>2018-03-14T20:00:00</AccptncDtTm></RltdDts></TxDtls><TxDtls><Refs><AcctSvcrRef>20180314001221000006924084508225</AcctSvcrRef><Prtry><Tp>01</Tp><Ref>20180314001221000006924</Ref></Prtry></Refs><Amt Ccy="CHF">710.82</Amt><CdtDbtInd>FOOBAR</CdtDbtInd><BkTxCd><Domn><Cd>PMNT</Cd><Fmly><Cd>RCDT</Cd><SubFmlyCd>AUTT</SubFmlyCd></Fmly></Domn></BkTxCd><RltdPties><Dbtr><Nm>Maria Bernasconi</Nm><PstlAdr><StrtNm>Place de la Gare</StrtNm><BldgNb>15</BldgNb><PstCd>2502</PstCd><TwnNm>Biel/Bienne</TwnNm></PstlAdr></Dbtr><DbtrAcct><Id><IBAN>CH6309000000250097798</IBAN></Id></DbtrAcct></RltdPties><RmtInf><Strd><CdtrRefInf><Tp><CdOrPrtry><Prtry>ISR Reference</Prtry></CdOrPrtry></Tp><Ref>000000000000100000000001157</Ref></CdtrRefInf><AddtlRmtInf>?REJECT?0</AddtlRmtInf></Strd></RmtInf><RltdDts><AccptncDtTm>2018-03-14T20:00:00</AccptncDtTm></RltdDts></TxDtls><TxDtls><Refs><AcctSvcrRef>20180314001221000006927084508228</AcctSvcrRef><Prtry><Tp>01</Tp><Ref>20180314001221000006927</Ref></Prtry></Refs><Amt Ccy="CHF">710.82</Amt><CdtDbtInd>FOOBAR</CdtDbtInd><BkTxCd><Domn><Cd>PMNT</Cd><Fmly><Cd>CNTR</Cd><SubFmlyCd>CDPT</SubFmlyCd></Fmly></Domn></BkTxCd><Chrgs><TtlChrgsAndTaxAmt Ccy="CHF">2.95</TtlChrgsAndTaxAmt><Rcrd><Amt Ccy="CHF">1.20</Amt><CdtDbtInd>CRDT</CdtDbtInd><ChrgInclInd>false</ChrgInclInd><Tp><Prtry><Id>1</Id></Prtry></Tp></Rcrd><Rcrd><Amt Ccy="CHF">1.75</Amt><CdtDbtInd>CRDT</CdtDbtInd><ChrgInclInd>false</ChrgInclInd><Tp><Prtry><Id>2</Id></Prtry></Tp></Rcrd></Chrgs><RltdPties><Dbtr><Nm>Maria Bernasconi</Nm><PstlAdr><AdrLine>Place de la Gare 15</AdrLine><AdrLine>2502 Biel/Bienne</AdrLine></PstlAdr></Dbtr></RltdPties><RmtInf><Strd><CdtrRefInf><Tp><CdOrPrtry><Prtry>ISR Reference</Prtry></CdOrPrtry></Tp><Ref>000000000000100000000001090</Ref></CdtrRefInf><AddtlRmtInf>?REJECT?1</AddtlRmtInf></Strd></RmtInf><RltdDts><AccptncDtTm>2018-03-13T20:00:00</AccptncDtTm></RltdDts></TxDtls><TxDtls><Refs><AcctSvcrRef>20180314001221000006928084508229</AcctSvcrRef><Prtry><Tp>01</Tp><Ref>20180314001221000006928</Ref></Prtry></Refs><Amt Ccy="CHF">710.82</Amt><CdtDbtInd>FOOBAR</CdtDbtInd><BkTxCd><Domn><Cd>PMNT</Cd><Fmly><Cd>RCDT</Cd><SubFmlyCd>DMCT</SubFmlyCd></Fmly></Domn></BkTxCd><RltdPties><Dbtr><Nm>Maria Bernasconi</Nm><PstlAdr><AdrLine>Place de la Gare 15</AdrLine><AdrLine>2502 Biel/Bienne</AdrLine></PstlAdr></Dbtr></RltdPties><RmtInf><Strd><CdtrRefInf><Tp><CdOrPrtry><Prtry>ISR Reference</Prtry></CdOrPrtry></Tp><Ref>000000000000100000000001104</Ref></CdtrRefInf><AddtlRmtInf>?REJECT?5</AddtlRmtInf></Strd></RmtInf><RltdDts><AccptncDtTm>2018-03-14T20:00:00</AccptncDtTm></RltdDts></TxDtls><TxDtls><Refs><AcctSvcrRef>20180314001221000006929084508230</AcctSvcrRef><Prtry><Tp>01</Tp><Ref>20180314001221000006929</Ref></Prtry></Refs><Amt Ccy="CHF">710.82</Amt><CdtDbtInd>FOOBAR</CdtDbtInd><BkTxCd><Domn><Cd>PMNT</Cd><Fmly><Cd>CNTR</Cd><SubFmlyCd>CDPT</SubFmlyCd></Fmly></Domn></BkTxCd><Chrgs><TtlChrgsAndTaxAmt Ccy="CHF">1.75</TtlChrgsAndTaxAmt><Rcrd><Amt Ccy="CHF">1.75</Amt><CdtDbtInd>CRDT</CdtDbtInd><ChrgInclInd>false</ChrgInclInd><Tp><Prtry><Id>2</Id></Prtry></Tp></Rcrd></Chrgs><RltdPties><Dbtr><Nm>Maria Bernasconi</Nm><PstlAdr><AdrLine>Place de la Gare 15</AdrLine><AdrLine>2502 Biel/Bienne</AdrLine></PstlAdr></Dbtr></RltdPties><RmtInf><Strd><CdtrRefInf><Tp><CdOrPrtry><Prtry>ISR Reference</Prtry></CdOrPrtry></Tp><Ref>000000000000100000000001112</Ref></CdtrRefInf><AddtlRmtInf>?REJECT?0</AddtlRmtInf></Strd></RmtInf><RltdDts><AccptncDtTm>2018-03-13T20:00:00</AccptncDtTm></RltdDts></TxDtls><TxDtls><Refs><AcctSvcrRef>20180314001221000006930084508231</AcctSvcrRef><Prtry><Tp>01</Tp><Ref>20180314001221000006930</Ref></Prtry></Refs><Amt Ccy="CHF">710.82</Amt><CdtDbtInd>FOOBAR</CdtDbtInd><BkTxCd><Domn><Cd>PMNT</Cd><Fmly><Cd>RCDT</Cd><SubFmlyCd>DMCT</SubFmlyCd></Fmly></Domn></BkTxCd><RltdPties><Dbtr><Nm>Maria Bernasconi</Nm><PstlAdr><AdrLine>Place de la Gare 15</AdrLine><AdrLine>2502 Biel/Bienne</AdrLine></PstlAdr></Dbtr></RltdPties><RmtInf><Strd><CdtrRefInf><Tp><CdOrPrtry><Prtry>ISR Reference</Prtry></CdOrPrtry></Tp><Ref>000000000000100000000001128</Ref></CdtrRefInf><AddtlRmtInf>?REJECT?0</AddtlRmtInf></Strd></RmtInf><RltdDts><AccptncDtTm>2018-03-14T20:00:00</AccptncDtTm></RltdDts></TxDtls><TxDtls><Refs><AcctSvcrRef>20180314001221000006931084508232</AcctSvcrRef><Prtry><Tp>01</Tp><Ref>20180314001221000006931</Ref></Prtry></Refs><Amt Ccy="CHF">710.82</Amt><CdtDbtInd>FOOBAR</CdtDbtInd><BkTxCd><Domn><Cd>PMNT</Cd><Fmly><Cd>RCDT</Cd><SubFmlyCd>STDO</SubFmlyCd></Fmly></Domn></BkTxCd><RltdPties><Dbtr><Nm>Maria Bernasconi</Nm><PstlAdr><StrtNm>Place de la Gare</StrtNm><BldgNb>15</BldgNb><PstCd>2502</PstCd><TwnNm>Biel/Bienne</TwnNm></PstlAdr></Dbtr><DbtrAcct><Id><IBAN>CH6309000000250097798</IBAN></Id></DbtrAcct></RltdPties><RmtInf><Strd><CdtrRefInf><Tp><CdOrPrtry><Prtry>ISR Reference</Prtry></CdOrPrtry></Tp><Ref>000000000000100000000001024</Ref></CdtrRefInf><AddtlRmtInf>?REJECT?0</AddtlRmtInf></Strd></RmtInf><RltdDts><AccptncDtTm>2018-03-14T20:00:00</AccptncDtTm></RltdDts></TxDtls><TxDtls><Refs><AcctSvcrRef>20180314001221000006932084508233</AcctSvcrRef><Prtry><Tp>01</Tp><Ref>20180314001221000006932</Ref></Prtry></Refs><Amt Ccy="CHF">710.82</Amt><CdtDbtInd>FOOBAR</CdtDbtInd><BkTxCd><Domn><Cd>PMNT</Cd><Fmly><Cd>RCDT</Cd><SubFmlyCd>AUTT</SubFmlyCd></Fmly></Domn></BkTxCd><RltdPties><Dbtr><Nm>Maria Bernasconi</Nm><PstlAdr><StrtNm>Place de la Gare</StrtNm><BldgNb>15</BldgNb><PstCd>2502</PstCd><TwnNm>Biel/Bienne</TwnNm></PstlAdr></Dbtr><DbtrAcct><Id><IBAN>CH6309000000250097798</IBAN></Id></DbtrAcct></RltdPties><RmtInf><Strd><CdtrRefInf><Tp><CdOrPrtry><Prtry>ISR Reference</Prtry></CdOrPrtry></Tp><Ref>000000000000100000000001032</Ref></CdtrRefInf><AddtlRmtInf>?REJECT?0</AddtlRmtInf></Strd></RmtInf><RltdDts><AccptncDtTm>2018-03-14T20:00:00</AccptncDtTm></RltdDts></TxDtls><TxDtls><Refs><AcctSvcrRef>20180314001221000006933084508234</AcctSvcrRef><Prtry><Tp>01</Tp><Ref>20180314001221000006933</Ref></Prtry></Refs><Amt Ccy="CHF">710.82</Amt><CdtDbtInd>FOOBAR</CdtDbtInd><BkTxCd><Domn><Cd>PMNT</Cd><Fmly><Cd>RCDT</Cd><SubFmlyCd>ATXN</SubFmlyCd></Fmly></Domn></BkTxCd><RltdPties><Dbtr><Nm>Maria Bernasconi</Nm><PstlAdr><StrtNm>Place de la Gare</StrtNm><BldgNb>15</BldgNb><PstCd>2502</PstCd><TwnNm>Biel/Bienne</TwnNm></PstlAdr></Dbtr><DbtrAcct><Id><IBAN>CH6309000000250097798</IBAN></Id></DbtrAcct></RltdPties><RltdAgts><DbtrAgt><FinInstnId><BICFI>CRESCHZZ80A</BICFI></FinInstnId></DbtrAgt></RltdAgts><RmtInf><Strd><CdtrRefInf><Tp><CdOrPrtry><Prtry>ISR Reference</Prtry></CdOrPrtry></Tp><Ref>000000000000100000000001048</Ref></CdtrRefInf><AddtlRmtInf>?REJECT?0</AddtlRmtInf></Strd></RmtInf><RltdDts><AccptncDtTm>2018-03-14T20:00:00</AccptncDtTm></RltdDts></TxDtls><TxDtls><Refs><AcctSvcrRef>20180314001221000006934084508235</AcctSvcrRef><Prtry><Tp>01</Tp><Ref>20180314001221000006934</Ref></Prtry></Refs><Amt Ccy="CHF">710.82</Amt><CdtDbtInd>FOOBAR</CdtDbtInd><BkTxCd><Domn><Cd>PMNT</Cd><Fmly><Cd>RCDT</Cd><SubFmlyCd>AUTT</SubFmlyCd></Fmly></Domn></BkTxCd><RltdPties><Dbtr><Nm>Maria Bernasconi</Nm><PstlAdr><StrtNm>Place de la Gare</StrtNm><BldgNb>15</BldgNb><PstCd>2502</PstCd><TwnNm>Biel/Bienne</TwnNm></PstlAdr></Dbtr><DbtrAcct><Id><IBAN>CH6309000000250097798</IBAN></Id></DbtrAcct></RltdPties><RmtInf><Strd><CdtrRefInf><Tp><CdOrPrtry><Prtry>ISR Reference</Prtry></CdOrPrtry></Tp><Ref>000000000000100000000001053</Ref></CdtrRefInf><AddtlRmtInf>?REJECT?0</AddtlRmtInf></Strd></RmtInf><RltdDts><AccptncDtTm>2018-03-14T20:00:00</AccptncDtTm></RltdDts></TxDtls><TxDtls><Refs><AcctSvcrRef>20180314001221000006937084508238</AcctSvcrRef><Prtry><Tp>01</Tp><Ref>20180314001221000006937</Ref></Prtry></Refs><Amt Ccy="CHF">710.82</Amt><CdtDbtInd>FOOBAR</CdtDbtInd><BkTxCd><Domn><Cd>PMNT</Cd><Fmly><Cd>CNTR</Cd><SubFmlyCd>CDPT</SubFmlyCd></Fmly></Domn></BkTxCd><Chrgs><TtlChrgsAndTaxAmt Ccy="CHF">2.95</TtlChrgsAndTaxAmt><Rcrd><Amt Ccy="CHF">1.20</Amt><CdtDbtInd>CRDT</CdtDbtInd><ChrgInclInd>false</ChrgInclInd><Tp><Prtry><Id>1</Id></Prtry></Tp></Rcrd><Rcrd><Amt Ccy="CHF">1.75</Amt><CdtDbtInd>CRDT</CdtDbtInd><ChrgInclInd>false</ChrgInclInd><Tp><Prtry><Id>2</Id></Prtry></Tp></Rcrd></Chrgs><RltdPties><Dbtr><Nm>Maria Bernasconi</Nm><PstlAdr><AdrLine>Place de la Gare 15</AdrLine><AdrLine>2502 Biel/Bienne</AdrLine></PstlAdr></Dbtr></RltdPties><RmtInf><Strd><CdtrRefInf><Tp><CdOrPrtry><Prtry>ISR Reference</Prtry></CdOrPrtry></Tp><Ref>000000000000100000000000968</Ref></CdtrRefInf><AddtlRmtInf>?REJECT?1</AddtlRmtInf></Strd></RmtInf><RltdDts><AccptncDtTm>2018-03-13T20:00:00</AccptncDtTm></RltdDts></TxDtls><TxDtls><Refs><AcctSvcrRef>20180314001221000006938084508239</AcctSvcrRef><Prtry><Tp>01</Tp><Ref>20180314001221000006938</Ref></Prtry></Refs><Amt Ccy="CHF">710.82</Amt><CdtDbtInd>FOOBAR</CdtDbtInd><BkTxCd><Domn><Cd>PMNT</Cd><Fmly><Cd>RCDT</Cd><SubFmlyCd>DMCT</SubFmlyCd></Fmly></Domn></BkTxCd><RltdPties><Dbtr><Nm>Maria Bernasconi</Nm><PstlAdr><AdrLine>Place de la Gare 15</AdrLine><AdrLine>2502 Biel/Bienne</AdrLine></PstlAdr></Dbtr></RltdPties><RmtInf><Strd><CdtrRefInf><Tp><CdOrPrtry><Prtry>ISR Reference</Prtry></CdOrPrtry></Tp><Ref>000000000000100000000000973</Ref></CdtrRefInf><AddtlRmtInf>?REJECT?5</AddtlRmtInf></Strd></RmtInf><RltdDts><AccptncDtTm>2018-03-14T20:00:00</AccptncDtTm></RltdDts></TxDtls><TxDtls><Refs><AcctSvcrRef>20180314001221000006939084508240</AcctSvcrRef><Prtry><Tp>01</Tp><Ref>20180314001221000006939</Ref></Prtry></Refs><Amt Ccy="CHF">710.82</Amt><CdtDbtInd>FOOBAR</CdtDbtInd><BkTxCd><Domn><Cd>PMNT</Cd><Fmly><Cd>CNTR</Cd><SubFmlyCd>CDPT</SubFmlyCd></Fmly></Domn></BkTxCd><Chrgs><TtlChrgsAndTaxAmt Ccy="CHF">1.75</TtlChrgsAndTaxAmt><Rcrd><Amt Ccy="CHF">1.75</Amt><CdtDbtInd>CRDT</CdtDbtInd><ChrgInclInd>false</ChrgInclInd><Tp><Prtry><Id>2</Id></Prtry></Tp></Rcrd></Chrgs><RltdPties><Dbtr><Nm>Maria Bernasconi</Nm><PstlAdr><AdrLine>Place de la Gare 15</AdrLine><AdrLine>2502 Biel/Bienne</AdrLine></PstlAdr></Dbtr></RltdPties><RmtInf><Strd><CdtrRefInf><Tp><CdOrPrtry><Prtry>ISR Reference</Prtry></CdOrPrtry></Tp><Ref>000000000000100000000000989</Ref></CdtrRefInf><AddtlRmtInf>?REJECT?0</AddtlRmtInf></Strd></RmtInf><RltdDts><AccptncDtTm>2018-03-13T20:00:00</AccptncDtTm></RltdDts></TxDtls><TxDtls><Refs><AcctSvcrRef>20180314001221000006940084508241</AcctSvcrRef><Prtry><Tp>01</Tp><Ref>20180314001221000006940</Ref></Prtry></Refs><Amt Ccy="CHF">710.82</Amt><CdtDbtInd>FOOBAR</CdtDbtInd><BkTxCd><Domn><Cd>PMNT</Cd><Fmly><Cd>RCDT</Cd><SubFmlyCd>DMCT</SubFmlyCd></Fmly></Domn></BkTxCd><RltdPties><Dbtr><Nm>Maria Bernasconi</Nm><PstlAdr><AdrLine>Place de la Gare 15</AdrLine><AdrLine>2502 Biel/Bienne</AdrLine></PstlAdr></Dbtr></RltdPties><RmtInf><Strd><CdtrRefInf><Tp><CdOrPrtry><Prtry>ISR Reference</Prtry></CdOrPrtry></Tp><Ref>000000000000100000000000997</Ref></CdtrRefInf><AddtlRmtInf>?REJECT?0</AddtlRmtInf></Strd></RmtInf><RltdDts><AccptncDtTm>2018-03-14T20:00:00</AccptncDtTm></RltdDts></TxDtls><TxDtls><Refs><AcctSvcrRef>20180314001221000006941084508242</AcctSvcrRef><Prtry><Tp>01</Tp><Ref>20180314001221000006941</Ref></Prtry></Refs><Amt Ccy="CHF">710.82</Amt><CdtDbtInd>FOOBAR</CdtDbtInd><BkTxCd><Domn><Cd>PMNT</Cd><Fmly><Cd>RCDT</Cd><SubFmlyCd>STDO</SubFmlyCd></Fmly></Domn></BkTxCd><RltdPties><Dbtr><Nm>Maria Bernasconi</Nm><PstlAdr><StrtNm>Place de la Gare</StrtNm><BldgNb>15</BldgNb><PstCd>2502</PstCd><TwnNm>Biel/Bienne</TwnNm></PstlAdr></Dbtr><DbtrAcct><Id><IBAN>CH6309000000250097798</IBAN></Id></DbtrAcct></RltdPties><RmtInf><Strd><CdtrRefInf><Tp><CdOrPrtry><Prtry>ISR Reference</Prtry></CdOrPrtry></Tp><Ref>000000000000100000000001001</Ref></CdtrRefInf><AddtlRmtInf>?REJECT?0</AddtlRmtInf></Strd></RmtInf><RltdDts><AccptncDtTm>2018-03-14T20:00:00</AccptncDtTm></RltdDts></TxDtls><TxDtls><Refs><AcctSvcrRef>20180314001221000006942084508243</AcctSvcrRef><Prtry><Tp>01</Tp><Ref>20180314001221000006942</Ref></Prtry></Refs><Amt Ccy="CHF">710.82</Amt><CdtDbtInd>FOOBAR</CdtDbtInd><BkTxCd><Domn><Cd>PMNT</Cd><Fmly><Cd>RCDT</Cd><SubFmlyCd>AUTT</SubFmlyCd></Fmly></Domn></BkTxCd><RltdPties><Dbtr><Nm>Maria Bernasconi</Nm><PstlAdr><StrtNm>Place de la Gare</StrtNm><BldgNb>15</BldgNb><PstCd>2502</PstCd><TwnNm>Biel/Bienne</TwnNm></PstlAdr></Dbtr><DbtrAcct><Id><IBAN>CH6309000000250097798</IBAN></Id></DbtrAcct></RltdPties><RmtInf><Strd><CdtrRefInf><Tp><CdOrPrtry><Prtry>ISR Reference</Prtry></CdOrPrtry></Tp><Ref>000000000000100000000001016</Ref></CdtrRefInf><AddtlRmtInf>?REJECT?0</AddtlRmtInf></Strd></RmtInf><RltdDts><AccptncDtTm>2018-03-14T20:00:00</AccptncDtTm></RltdDts></TxDtls><TxDtls><Refs><AcctSvcrRef>20180314001221000006943084508244</AcctSvcrRef><Prtry><Tp>01</Tp><Ref>20180314001221000006943</Ref></Prtry></Refs><Amt Ccy="CHF">710.82</Amt><CdtDbtInd>FOOBAR</CdtDbtInd><BkTxCd><Domn><Cd>PMNT</Cd><Fmly><Cd>RCDT</Cd><SubFmlyCd>ATXN</SubFmlyCd></Fmly></Domn></BkTxCd><RltdPties><Dbtr><Nm>Maria Bernasconi</Nm><PstlAdr><StrtNm>Place de la Gare</StrtNm><BldgNb>15</BldgNb><PstCd>2502</PstCd><TwnNm>Biel/Bienne</TwnNm></PstlAdr></Dbtr><DbtrAcct><Id><IBAN>CH6309000000250097798</IBAN></Id></DbtrAcct></RltdPties><RltdAgts><DbtrAgt><FinInstnId><BICFI>CRESCHZZ80A</BICFI></FinInstnId></DbtrAgt></RltdAgts><RmtInf><Strd><CdtrRefInf><Tp><CdOrPrtry><Prtry>ISR Reference</Prtry></CdOrPrtry></Tp><Ref>000000000000100000000000776</Ref></CdtrRefInf><AddtlRmtInf>?REJECT?0</AddtlRmtInf></Strd></RmtInf><RltdDts><AccptncDtTm>2018-03-14T20:00:00</AccptncDtTm></RltdDts></TxDtls><TxDtls><Refs><AcctSvcrRef>20180314001221000006944084508245</AcctSvcrRef><Prtry><Tp>01</Tp><Ref>20180314001221000006944</Ref></Prtry></Refs><Amt Ccy="CHF">710.82</Amt><CdtDbtInd>FOOBAR</CdtDbtInd><BkTxCd><Domn><Cd>PMNT</Cd><Fmly><Cd>RCDT</Cd><SubFmlyCd>AUTT</SubFmlyCd></Fmly></Domn></BkTxCd><RltdPties><Dbtr><Nm>Maria Bernasconi</Nm><PstlAdr><StrtNm>Place de la Gare</StrtNm><BldgNb>15</BldgNb><PstCd>2502</PstCd><TwnNm>Biel/Bienne</TwnNm></PstlAdr></Dbtr><DbtrAcct><Id><IBAN>CH6309000000250097798</IBAN></Id></DbtrAcct></RltdPties><RmtInf><Strd><CdtrRefInf><Tp><CdOrPrtry><Prtry>ISR Reference</Prtry></CdOrPrtry></Tp><Ref>000000000000100000000000761</Ref></CdtrRefInf><AddtlRmtInf>?REJECT?0</AddtlRmtInf></Strd></RmtInf><RltdDts><AccptncDtTm>2018-03-14T20:00:00</AccptncDtTm></RltdDts></TxDtls></NtryDtls><AddtlNtryInf>Sammelgutschrift ESR / Crédit groupé BVR / Accredito collettivo PVR / Credit ISR</AddtlNtryInf></Ntry><Ntry><NtryRef>011078492</NtryRef><Amt Ccy="CHF">2843.28</Amt><CdtDbtInd>FOOBAR</CdtDbtInd><RvslInd>false</RvslInd><Sts>BOOK</Sts><BookgDt><Dt>2018-03-14</Dt></BookgDt><ValDt><Dt>2018-03-15</Dt></ValDt><AcctSvcrRef>20180314375204007557996000000276</AcctSvcrRef><BkTxCd><Domn><Cd>PMNT</Cd><Fmly><Cd>RCDT</Cd><SubFmlyCd>AUTT</SubFmlyCd></Fmly></Domn></BkTxCd><NtryDtls><Btch><NbOfTxs>4</NbOfTxs></Btch><TxDtls><Refs><AcctSvcrRef>20180314001221000006906084508207</AcctSvcrRef><Prtry><Tp>01</Tp><Ref>20180314001221000006906</Ref></Prtry></Refs><Amt Ccy="CHF">710.82</Amt><CdtDbtInd>FOOBAR</CdtDbtInd><BkTxCd><Domn><Cd>PMNT</Cd><Fmly><Cd>RCDT</Cd><SubFmlyCd>AUTT</SubFmlyCd></Fmly></Domn></BkTxCd><RltdPties><Dbtr><Nm>Maria Bernasconi</Nm><PstlAdr><StrtNm>Place de la Gare</StrtNm><BldgNb>15</BldgNb><PstCd>2502</PstCd><TwnNm>Biel/Bienne</TwnNm></PstlAdr></Dbtr><DbtrAcct><Id><IBAN>CH6309000000250097798</IBAN></Id></DbtrAcct></RltdPties><RmtInf><Strd><CdtrRefInf><Ref>000000000000100000000000910</Ref></CdtrRefInf></Strd></RmtInf><RltdDts><AccptncDtTm>2018-03-14T20:00:00</AccptncDtTm></RltdDts></TxDtls><TxDtls><Refs><AcctSvcrRef>20180314001221000006916084508217</AcctSvcrRef><Prtry><Tp>01</Tp><Ref>20180314001221000006916</Ref></Prtry></Refs><Amt Ccy="CHF">710.82</Amt><CdtDbtInd>FOOBAR</CdtDbtInd><BkTxCd><Domn><Cd>PMNT</Cd><Fmly><Cd>RCDT</Cd><SubFmlyCd>ATXN</SubFmlyCd></Fmly></Domn></BkTxCd><RltdPties><Dbtr><Nm>Maria Bernasconi</Nm><PstlAdr><StrtNm>Place de la Gare</StrtNm><BldgNb>15</BldgNb><PstCd>2502</PstCd><TwnNm>Biel/Bienne</TwnNm></PstlAdr></Dbtr><DbtrAcct><Id><IBAN>CH6309000000250097798</IBAN></Id></DbtrAcct></RltdPties><RltdAgts><DbtrAgt><FinInstnId><BICFI>CRESCHZZ80A</BICFI></FinInstnId></DbtrAgt></RltdAgts><RmtInf><Strd><CdtrRefInf><Ref>000000000000100000000000826</Ref></CdtrRefInf></Strd></RmtInf><RltdDts><AccptncDtTm>2018-03-14T20:00:00</AccptncDtTm></RltdDts></TxDtls><TxDtls><Refs><AcctSvcrRef>20180314001221000006926084508227</AcctSvcrRef><Prtry><Tp>01</Tp><Ref>20180314001221000006926</Ref></Prtry></Refs><Amt Ccy="CHF">710.82</Amt><CdtDbtInd>FOOBAR</CdtDbtInd><BkTxCd><Domn><Cd>PMNT</Cd><Fmly><Cd>RCDT</Cd><SubFmlyCd>ATXN</SubFmlyCd></Fmly></Domn></BkTxCd><RltdPties><Dbtr><Nm>Maria Bernasconi</Nm><PstlAdr><StrtNm>Place de la Gare</StrtNm><BldgNb>15</BldgNb><PstCd>2502</PstCd><TwnNm>Biel/Bienne</TwnNm></PstlAdr></Dbtr><DbtrAcct><Id><IBAN>CH6309000000250097798</IBAN></Id></DbtrAcct></RltdPties><RltdAgts><DbtrAgt><FinInstnId><BICFI>CRESCHZZ80A</BICFI></FinInstnId></DbtrAgt></RltdAgts><RmtInf><Strd><CdtrRefInf><Ref>000000000000100000000001085</Ref></CdtrRefInf></Strd></RmtInf><RltdDts><AccptncDtTm>2018-03-14T20:00:00</AccptncDtTm></RltdDts></TxDtls><TxDtls><Refs><AcctSvcrRef>20180314001221000006936084508237</AcctSvcrRef><Prtry><Tp>01</Tp><Ref>20180314001221000006936</Ref></Prtry></Refs><Amt Ccy="CHF">710.82</Amt><CdtDbtInd>FOOBAR</CdtDbtInd><BkTxCd><Domn><Cd>PMNT</Cd><Fmly><Cd>RCDT</Cd><SubFmlyCd>ATXN</SubFmlyCd></Fmly></Domn></BkTxCd><RltdPties><Dbtr><Nm>Maria Bernasconi</Nm><PstlAdr><StrtNm>Place de la Gare</StrtNm><BldgNb>15</BldgNb><PstCd>2502</PstCd><TwnNm>Biel/Bienne</TwnNm></PstlAdr></Dbtr><DbtrAcct><Id><IBAN>CH6309000000250097798</IBAN></Id></DbtrAcct></RltdPties><RltdAgts><DbtrAgt><FinInstnId><BICFI>CRESCHZZ80A</BICFI></FinInstnId></DbtrAgt></RltdAgts><RmtInf><Strd><CdtrRefInf><Ref>000000000000100000000001077</Ref></CdtrRefInf></Strd></RmtInf><RltdDts><AccptncDtTm>2018-03-14T20:00:00</AccptncDtTm></RltdDts></TxDtls></NtryDtls><AddtlNtryInf>Sammelgutschrift für Korrekturen ESR / Crédit groupé pour corrections BVR / Accredito collettivo per correzioni PVR / Collective credit for ISR corrections</AddtlNtryInf></Ntry><Ntry><NtryRef>011078492</NtryRef><Amt Ccy="CHF">3554.10</Amt><CdtDbtInd>CRDT</CdtDbtInd><RvslInd>true</RvslInd><Sts>BOOK</Sts><BookgDt><Dt>2018-03-14</Dt></BookgDt><ValDt><Dt>2018-03-15</Dt></ValDt><AcctSvcrRef>20180314375204007557995000000276</AcctSvcrRef><BkTxCd><Domn><Cd>PMNT</Cd><Fmly><Cd>ICDT</Cd><SubFmlyCd>DAJT</SubFmlyCd></Fmly></Domn></BkTxCd><NtryDtls><Btch><NbOfTxs>5</NbOfTxs></Btch><TxDtls><Refs><AcctSvcrRef>20180314001221000006905084508206</AcctSvcrRef><Prtry><Tp>01</Tp><Ref>20180314001221000006905</Ref></Prtry></Refs><Amt Ccy="CHF">710.82</Amt><CdtDbtInd>CRDT</CdtDbtInd><BkTxCd><Domn><Cd>PMNT</Cd><Fmly><Cd>RCDT</Cd><SubFmlyCd>ATXN</SubFmlyCd></Fmly></Domn></BkTxCd><RltdPties><Dbtr><Nm>Maria Bernasconi</Nm><PstlAdr><StrtNm>Place de la Gare</StrtNm><BldgNb>15</BldgNb><PstCd>2502</PstCd><TwnNm>Biel/Bienne</TwnNm></PstlAdr></Dbtr><DbtrAcct><Id><IBAN>CH6309000000250097798</IBAN></Id></DbtrAcct></RltdPties><RltdAgts><DbtrAgt><FinInstnId><BICFI>CRESCHZZ80A</BICFI></FinInstnId></DbtrAgt></RltdAgts><RmtInf><Strd><CdtrRefInf><Ref>000000000000100000000000905</Ref></CdtrRefInf></Strd></RmtInf><RltdDts><AccptncDtTm>2018-03-14T20:00:00</AccptncDtTm></RltdDts></TxDtls><TxDtls><Refs><AcctSvcrRef>20180314001221000006915084508216</AcctSvcrRef><Prtry><Tp>01</Tp><Ref>20180314001221000006915</Ref></Prtry></Refs><Amt Ccy="CHF">710.82</Amt><CdtDbtInd>CRDT</CdtDbtInd><BkTxCd><Domn><Cd>PMNT</Cd><Fmly><Cd>RCDT</Cd><SubFmlyCd>AUTT</SubFmlyCd></Fmly></Domn></BkTxCd><RltdPties><Dbtr><Nm>Maria Bernasconi</Nm><PstlAdr><StrtNm>Place de la Gare</StrtNm><BldgNb>15</BldgNb><PstCd>2502</PstCd><TwnNm>Biel/Bienne</TwnNm></PstlAdr></Dbtr><DbtrAcct><Id><IBAN>CH6309000000250097798</IBAN></Id></DbtrAcct></RltdPties><RmtInf><Strd><CdtrRefInf><Ref>000000000000100000000000800</Ref></CdtrRefInf></Strd></RmtInf><RltdDts><AccptncDtTm>2018-03-14T20:00:00</AccptncDtTm></RltdDts></TxDtls><TxDtls><Refs><AcctSvcrRef>20180314001221000006925084508226</AcctSvcrRef><Prtry><Tp>01</Tp><Ref>20180314001221000006925</Ref></Prtry></Refs><Amt Ccy="CHF">710.82</Amt><CdtDbtInd>CRDT</CdtDbtInd><BkTxCd><Domn><Cd>PMNT</Cd><Fmly><Cd>RCDT</Cd><SubFmlyCd>AUTT</SubFmlyCd></Fmly></Domn></BkTxCd><RltdPties><Dbtr><Nm>Maria Bernasconi</Nm><PstlAdr><StrtNm>Place de la Gare</StrtNm><BldgNb>15</BldgNb><PstCd>2502</PstCd><TwnNm>Biel/Bienne</TwnNm></PstlAdr></Dbtr><DbtrAcct><Id><IBAN>CH6309000000250097798</IBAN></Id></DbtrAcct></RltdPties><RmtInf><Strd><CdtrRefInf><Ref>000000000000100000000001165</Ref></CdtrRefInf></Strd></RmtInf><RltdDts><AccptncDtTm>2018-03-14T20:00:00</AccptncDtTm></RltdDts></TxDtls><TxDtls><Refs><AcctSvcrRef>20180314001221000006935084508236</AcctSvcrRef><Prtry><Tp>01</Tp><Ref>20180314001221000006935</Ref></Prtry></Refs><Amt Ccy="CHF">710.82</Amt><CdtDbtInd>CRDT</CdtDbtInd><BkTxCd><Domn><Cd>PMNT</Cd><Fmly><Cd>RCDT</Cd><SubFmlyCd>AUTT</SubFmlyCd></Fmly></Domn></BkTxCd><RltdPties><Dbtr><Nm>Maria Bernasconi</Nm><PstlAdr><StrtNm>Place de la Gare</StrtNm><BldgNb>15</BldgNb><PstCd>2502</PstCd><TwnNm>Biel/Bienne</TwnNm></PstlAdr></Dbtr><DbtrAcct><Id><IBAN>CH6309000000250097798</IBAN></Id></DbtrAcct></RltdPties><RmtInf><Strd><CdtrRefInf><Ref>000000000000100000000001069</Ref></CdtrRefInf></Strd></RmtInf><RltdDts><AccptncDtTm>2018-03-14T20:00:00</AccptncDtTm></RltdDts></TxDtls><TxDtls><Refs><AcctSvcrRef>20180314001221000006945084508246</AcctSvcrRef><Prtry><Tp>01</Tp><Ref>20180314001221000006945</Ref></Prtry></Refs><Amt Ccy="CHF">710.82</Amt><CdtDbtInd>CRDT</CdtDbtInd><BkTxCd><Domn><Cd>PMNT</Cd><Fmly><Cd>RCDT</Cd><SubFmlyCd>AUTT</SubFmlyCd></Fmly></Domn></BkTxCd><RltdPties><Dbtr><Nm>Maria Bernasconi</Nm><PstlAdr><StrtNm>Place de la Gare</StrtNm><BldgNb>15</BldgNb><PstCd>2502</PstCd><TwnNm>Biel/Bienne</TwnNm></PstlAdr></Dbtr><DbtrAcct><Id><IBAN>CH6309000000250097798</IBAN></Id></DbtrAcct></RltdPties><RmtInf><Strd><CdtrRefInf><Ref>000000000000100000000000750</Ref></CdtrRefInf></Strd></RmtInf><RltdDts><AccptncDtTm>2018-03-14T20:00:00</AccptncDtTm></RltdDts></TxDtls></NtryDtls><AddtlNtryInf>Sammellastschrift für Storni ESR / Débit groupé pour annulations BVR / Addebito collettivo per storni PPR / Collective debit for ISR cancellations</AddtlNtryInf></Ntry></Ntfctn></BkToCstmrDbtCdtNtfctn></Document>
